@misc{alexnet,
  author       = {Alex Krizhevsky ,Ilya Sutskever, and Geoffrey E. Hinton},
  title        = {ImageNet Classification with Deep Convolutional Neural Networks},
  howpublished = {University of Toronto},
}
